@book{<fosr>,
    author = {Homayoon Beigi},
    title = {Fundamentals of speaker recognition},
    year = {2011}
}
@link <ystats>
www.statisticbrain.com/youtube-statistics/

@book{<multidsp>

@book{<linde> Y. Linde, A. Buzo & R. Gray, “An algorithm for vector quantizer design”, IEEE Transactions on Communications, Vol. 28, pp.84-95, 1980.

https://www.britannica.com/science/ear/Transmission-of-sound-by-bone-conduction dostęp 3.06.2017

